@book{ book:dummy,
  author    = {著者名1 and 著者名2 and 著者名3},
  yomi      = {Myoji, Namae and  Myoji, Namae and Myoji, Namae},
  title     = {本のタイトル},
  publisher = {出版社},
  year      = {出版年1900など},
}